@online{adewale2024cuba,
  author = {Adewale, P.},
  title = {Why Does Cuba Have So Many Old Cars?},
  year = {2024},
  month = {October},
  day = {30},
  url = {https://classicdecoder.com/why-does-cuba-have-so-many-old-cars},
  urldate = {2025-08-10}
}

@book{beech2019art,
  author = {Beech, Dave},
  title = {Art and postcapitalism: Aesthetic labour, automation and value production},
  publisher = {Pluto Press},
  year = {2019}
}

@book{bunker1912primer,
  author = {Bunker Gilbreth, F.},
  title = {Primer of Scientific Management},
  publisher = {D. Van Nostrand Company},
  address = {New York},
  year = {1912}
}

@online{diplomatictimes2019cuba,
  author = {{Diplomatic Times}},
  title = {How Do Cuba's Vintage American Cars Still Run Like New?},
  year = {2019},
  month = {January},
  day = {1},
  url = {https://diplomatictimes.net/2019/01/01/how-do-cubas-vintage-american-cars-still-run-like-new/},
  urldate = {2025-08-10}
}

@misc{esteve2021craft,
  author = {Esteve-Sendra, C. and Martínez Torán, M. and Jan Hoekstra, H. and Blackmore, E.},
  title = {Craft Your Future: Building a circular space through the European digital craft},
  year = {2021},
  month = {June},
  howpublished = {ResearchGate},
  url = {file:///Users/jorgemuyo/Downloads/DCs_RESILIENCE_.pdf}
}

@book{gershenfeld2007fab,
  author = {Gershenfeld, Neil},
  title = {Fab: The Coming Revolution on Your Desktop-from Personal Computers to Personal Fabrication},
  publisher = {Basic Books},
  year = {2007}
}

@book{gershenfeld2014when,
  author = {Gershenfeld, Neil},
  title = {When Things Start to Think: Integrating Digital Technology into the Fabric of Our Lives},
  publisher = {Henry Holt and Co.},
  year = {2014}
}

@online{gershenfeld2023roadmap,
  author = {Gershenfeld, Neil},
  title = {Prof. Neil Gershenfeld - Roadmap to Replicators - CDFAM Keynote Presentation},
  year = {2023},
  month = {July},
  day = {6},
  url = {https://www.youtube.com/watch?v=tflH8jpAoEs},
  urldate = {2025-08-10}
}

@book{gershenfeld2017designing,
  author = {Gershenfeld, Neil and Cutcher-Gershenfeld, Joel and Gershenfeld, Alan},
  title = {Designing Reality: How to Survive and Thrive in the Third Digital Revolution},
  publisher = {Basic Books},
  year = {2017}
}

@misc{hong2023lrm,
  author = {Hong, Yicong and Zhang, Kai and Gu, Jiaxiang and Sun, Ke and Bi, Sai and Zhou, Yang and Liu, Feng},
  title = {LRM: Large Reconstruction Model for Single Image to 3D},
  year = {2023},
  month = {November},
  day = {8},
  eprint = {2311.04400},
  archivePrefix = {arXiv},
  url = {https://arxiv.org/abs/2311.04400}
}

@online{justo2023indigenous,
  author = {Justo},
  title = {Indigenous conservation: preserving our landscape},
  year = {2023},
  month = {October},
  day = {11},
  url = {https://www.nativetribes.info/indigenous-conservation-preserving-our-landscape/},
  urldate = {2025-08-10}
}

@book{latour2005reassembling,
  author = {Latour, Bruno},
  title = {Reassembling the social: An introduction to actor-network-theory},
  publisher = {Oxford University Press},
  year = {2005}
}

@online{loc2025stl,
  author = {{Library of Congress}},
  title = {STL (STereoLithography) File Format Family},
  year = {2025},
  month = {February},
  day = {27},
  url = {https://www.loc.gov/preservation/digital/formats/fdd/fdd000504.shtml},
  urldate = {2025-08-10}
}

@article{morris1881art,
  author = {Morris, William},
  title = {Art and the Beauty of the Earth},
  journal = {The Architect},
  pages = {282--284},
  year = {1881},
  month = {October},
  day = {29},
  url = {https://www.marxists.org/archive/morris/works/1881/earth.htm}
}

@online{nznl2017changemaker,
  author = {{National Library of New Zealand}},
  title = {Change-maker — the Whanganui River},
  year = {2017},
  url = {https://natlib.govt.nz/he-tohu/learning/social-inquiry-resources/cultural-interaction/cultural-interaction-supporting-activities-and-resources/change-maker-whanganui-river},
  urldate = {2025-08-10}
}

@online{ozdemir2024generating,
  author = {Ozdemir, M. and Martinez Castro, J. and Doubrovski, Z.},
  title = {Generating 3D printing files (G-code) with Grasshopper},
  year = {2024},
  month = {February},
  day = {14},
  url = {https://interactivetextbooks.tudelft.nl/rhino-grasshopper/Grasshopper_Rhino_course/2_Knowledge_base/Digital_fabrication/3D_Printing/%21index.html},
  urldate = {2025-08-10}
}

@online{parliament2017innovative,
  author = {{Pāremata Aotearoa}},
  title = {Innovative bill protects Whanganui River with legal personhood},
  year = {2017},
  month = {March},
  day = {28},
  url = {https://www.parliament.nz/en/get-involved/features/innovative-bill-protects-whanganui-river-with-legal-personhood/},
  urldate = {2025-08-10}
}

@misc{peek2018mods,
  author = {Peek, Nadya and Gershenfeld, Neil},
  title = {Mods: Browser-Based Rapid Prototyping Workflow Composition},
  year = {2018},
  howpublished = {The Center for Bits and Atoms},
  url = {https://web.archive.org/web/20220609202407id_/http://papers.cumincad.org/data/works/att/acadia18_66.pdf}
}

@misc{read2023modular,
  author = {Read, J. Robert and McElroy, Liam and Bolsee, Quentin and Smith, Benjamin and Gershenfeld, Neil},
  title = {Modular-Things: Plug-and-Play with Virtualized Hardware},
  year = {2023},
  month = {January},
  day = {19},
  howpublished = {The Center for Bits and Atoms},
  url = {https://cba.mit.edu/docs/papers/23.04.Modular-Things.pdf}
}

@misc{suchman2009agencies,
  author = {Suchman, Lucy},
  title = {Agencies in technology design: Feminist reconfigurations},
  year = {2009},
  month = {January},
  institution = {Lancaster University}
}

@book{sennett2009craftsman,
  author = {Sennett, Richard},
  title = {The Craftsman},
  publisher = {Penguin Random House},
  year = {2009}
}

@misc{tanc2020nerf,
  author = {Tanc, Matthew and Mildenhall, Ben and Srinivasan, Pratul P. and Ng, Ren and Ramamoorthi, Ravi and Barron, Jonathan T.},
  title = {NeRF: Representing Scenes as Neural Radiance Fields for View Synthesis},
  year = {2020},
  month = {March},
  day = {19},
  eprint = {2003.08934},
  archivePrefix = {arXiv},
  url = {https://arxiv.org/abs/2003.08934}
}

@book{tedeschi2014aad,
  author = {Tedeschi, Arturo},
  title = {AAD Algorithms-Aided Design. Parametric strategies using grasshopper},
  publisher = {Le Penseur},
  year = {2014},
  month = {October},
  day = {1}
}

@online{unesco2003convention,
  author = {UNESCO},
  title = {Text of the Convention for the Safeguarding of the Intangible Cultural Heritage},
  year = {2003},
  month = {October},
  day = {17},
  url = {https://ich.unesco.org/en/convention},
  urldate = {2025-08-10}
}

@online{vijaykuma2019integrating,
  author = {VijayKuma, R.},
  title = {Integrating Indigenous Knowledge and Traditional Practices for Biodiversity Conservation in a Modern World},
  year = {2019},
  month = {July},
  day = {7},
  journal = {Environmental Reports},
  url = {https://microjournal.researchfloor.org/wp-content/uploads/2019/10/Integrating-Indigenous-Knowledge-and-Traditional-Practices-for-Biodiversity-Conservation-in-a-Modern-World.pdf},
  urldate = {2025-08-10}
}

@misc{ravi2024sam2,
  author = {Ravi, Nikhila and Gabeur, Valentin and Hu, Yuan-Ting and Hu, Ronghang and Ryali, Chaitanya and Ma, Tengyu and Khedr, Haitham and Rädle, Roman and Rolland, Chloe and Gustafson, Laura and Mintun, Eric and Pan, Junting and Alwala, Kalyan Vasudev and Carion, Nicolas and Wu, Chao-Yuan and Girshick, Ross and Dollár, Piotr and Feichtenhofer, Christoph},
  title = {SAM 2: Segment Anything in Images and Videos},
  year = {2024},
  eprint = {2408.00714},
  archivePrefix = {arXiv},
  url = {https://arxiv.org/abs/2408.00714}
}

@misc{hong2023lrm_duplicate,
  author = {Hong, Yicong and Zhang, Kai and Gu, Jiaxiang and Bi, Sai and Zhou, Yang and Liu, Dongdong and Liu, Feng and Sunkavalli, Kalyan and Bui, Trung and Tan, Hao},
  title = {LRM: Large Reconstruction Model for Single Image to 3D},
  year = {2023},
  eprint = {2311.04400},
  archivePrefix = {arXiv}
}

@misc{he2023openlrm,
  author = {He, Zexin and Wang, Tengfei},
  title = {OpenLRM: Open-Source Large Reconstruction Models},
  year = {2023},
  url = {https://github.com/3DTopia/OpenLRM},
  urldate = {2025-08-10}
}

@book{wolff1981social,
  author = {Wolff, Janet},
  title = {The social production of art},
  publisher = {Macmillan Education},
  year = {1981}
}

@misc{yang2024depth_v2,
  author = {Yang, Lihe and Kang, Bingyi and Huang, Zilong and Zhao, Zhen and Xu, Xiaogang and Feng, Jiashi and Zhao, Hengshuang},
  title = {Depth Anything V2},
  year = {2024},
  eprint = {2406.09414},
  archivePrefix = {arXiv}
}

@inproceedings{yang2024depth,
  author = {Yang, Lihe and Kang, Bingyi and Huang, Zilong and Xu, Xiaogang and Feng, Jiashi and Zhao, Hengshuang},
  title = {Depth Anything: Unleashing the Power of Large-Scale Unlabeled Data},
  booktitle = {CVPR},
  year = {2024}
}










@book{braverman1974,
  author = {Braverman, Harry},
  title = {Labor and Monopoly Capital},
  publisher = {Monthly Review Press},
  year = {1974}
}

@misc{niedderer2024,
  author = {Niedderer, K. and Townsend, K.},
  title = {Meaningful intentional action in design},
  year = {2024}
}

@book{richardson2008,
  author = {Richardson, Gary},
  title = {Guilds, Laws, and Markets for Manufactured Merchandise in Late-Medieval England},
  year = {2008}
}

@book{taylor1919,
  author = {Taylor, Frederick Winslow},
  title = {The Principles of Scientific Management},
  publisher = {Harper \& Brothers},
  year = {1919}
}

@book{thomis1993,
  author = {Thomis, Malcolm I.},
  title = {The Luddites: Machine-Breaking in Regency England},
  publisher = {David \& Charles},
  year = {1993}
}

@misc{byron1812,
  author = {Byron, Lord},
  title = {Speech in Parliament on the Luddite Riots},
  year = {1812}
}

@book{ruskin1892,
  author = {Ruskin, John},
  title = {The Stones of Venice},
  year = {1892}
}

@book{morris1882,
  author = {Morris, William},
  title = {The Lesser Arts},
  year = {1882}
}

@book{morris1996,
  author = {Morris, William},
  title = {The Collected Works of William Morris},
  year = {1996}
}

@book{crane1892,
  author = {Crane, Walter},
  title = {The Claims of Decorative Art},
  year = {1892}
}

@misc{munoz2025,
  author = {Muñoz, Jorge},
  title = {Embodied Knowledge in Digital Spaces: Towards Human-Centered Fabrication Formats},
  year = {2025}
}

@book{pye1971,
  author = {Pye, David},
  title = {The Nature and Art of Workmanship},
  publisher = {Cambridge University Press},
  year = {1971}
}

@article{clark1998,
  author = {Clark, Andy and Chalmers, David},
  title = {The Extended Mind},
  journal = {Analysis},
  volume = {58},
  number = {1},
  pages = {7--19},
  year = {1998}
}

@book{enfield2017,
  author = {Enfield, N. J. and Kockelman, Paul},
  title = {Distributed Agency},
  publisher = {Oxford University Press},
  year = {2017}
}

@book{winograd1986,
  author = {Winograd, Terry},
  title = {Understanding Computers and Cognition},
  publisher = {Ablex Publishing},
  year = {1986}
}